<record><leader>00000cas a22000007a 4500</leader><controlfield tag="001">30464545</controlfield><controlfield tag="008">940519d18921900nyudr ne      0    0eng d</controlfield><datafield ind1=" " ind2=" " tag="010"><subfield code="a">sn 94057575 </subfield></datafield><datafield ind1=" " ind2=" " tag="040"><subfield code="a">NYS</subfield><subfield code="b">eng</subfield><subfield code="c">NYS</subfield><subfield code="d">OCLCQ</subfield></datafield><datafield ind1=" " ind2=" " tag="042"><subfield code="a">msc</subfield></datafield><datafield ind1="0" ind2="4" tag="245"><subfield code="a">The Daily cataract.</subfield></datafield><datafield ind1=" " ind2=" " tag="260"><subfield code="a">Niagara Falls, N.Y. :</subfield><subfield code="b">O.W. Cutler</subfield></datafield><datafield ind1=" " ind2=" " tag="300"><subfield code="a">v.</subfield></datafield><datafield ind1=" " ind2=" " tag="310"><subfield code="a">Daily,</subfield><subfield code="b">&lt;1898&gt;</subfield></datafield><datafield ind1=" " ind2=" " tag="321"><subfield code="a">Daily (except Sunday),</subfield><subfield code="b">&lt;1892&gt;</subfield></datafield><datafield ind1="1" ind2=" " tag="362"><subfield code="a">Began with Apr. 27, 1892 issue; ceased in Apr. 1900.</subfield><subfield code="z">Cf. Niagara County, N.Y. ... 1921.</subfield></datafield><datafield ind1=" " ind2=" " tag="500"><subfield code="a">Publishers: O.W. Cutler, &lt;1892-1893&gt;; Cataract Pub. Co., &lt;1898&gt;.</subfield></datafield><datafield ind1=" " ind2=" " tag="588"><subfield code="a">Description based on: Aug. 22, 1892.</subfield></datafield><datafield ind1=" " ind2="4" tag="651"><subfield code="a">Niagara Falls (N.Y.)</subfield><subfield code="v">Newspapers.</subfield></datafield><datafield ind1=" " ind2=" " tag="752"><subfield code="a">United States</subfield><subfield code="b">New York</subfield><subfield code="c">Niagara</subfield><subfield code="d">Niagara Falls.</subfield></datafield><datafield ind1="0" ind2="7" tag="785"><subfield code="t">Niagara Falls daily journal</subfield><subfield code="w">(DLC)sn 94057946</subfield></datafield><datafield ind1="0" ind2="7" tag="785"><subfield code="t">Daily cataract-journal</subfield><subfield code="w">(DLC)sn 94057576</subfield></datafield><datafield ind1="1" ind2=" " tag="029"><subfield code="a">AU@</subfield><subfield code="b">000025903066</subfield></datafield></record>